<?xml version="1.0" encoding="UTF-8"?><collection xmlns="http://www.loc.gov/MARC21/slim"><record><leader>00580nam--2200181-i-4500</leader><controlfield tag="001">000039541</controlfield><controlfield tag="002">20161230</controlfield><controlfield tag="005">20161230201042</controlfield><controlfield tag="008">060222s1000------------r-----000-0-eng-d</controlfield><datafield ind1=" " ind2=" " tag="040"><subfield code="a">IFIN-HH</subfield></datafield><datafield ind1=" " ind2=" " tag="080"><subfield code="a">539.17</subfield></datafield><datafield ind1="1" ind2=" " tag="100"><subfield code="a">Jastrzebski, Jersy</subfield></datafield><datafield ind1="1" ind2="0" tag="245"><subfield code="a">Role of atomic electrons in nuclear transformations</subfield><subfield code="b">Proceedings of international conference warsaw 24-28 september 1963</subfield><subfield code="c">Jersy jastrzebski</subfield></datafield><datafield ind1=" " ind2=" " tag="260"><subfield code="a">Warsaw</subfield><subfield code="b">The Polish Acad.Of Science</subfield><subfield code="c">1963</subfield></datafield><datafield ind1=" " ind2=" " tag="300"><subfield code="a">4 VOLUME</subfield></datafield><datafield ind1="1" ind2=" " tag="787"><subfield code="a">Volume Iv</subfield><subfield code="h">/537p./ 742p</subfield></datafield><datafield ind1=" " ind2=" " tag="852"><subfield code="a">22414</subfield><subfield code="c">539.163.2</subfield></datafield><datafield ind1=" " ind2=" " tag="CAT"><subfield code="a">Sys</subfield><subfield code="c">20120518</subfield><subfield code="h">150040</subfield></datafield></record></collection>